@misc{
programmerstex,
	author = {Simson Garfinkel},
	title = {Programmer Documentation},
	url= "https://github.com/simsong/tcpflow/blob/master/README.md",
	month={December},
	year={2012}	
}

@misc{
ieeepaper,
	author={Young, J and Foster, K and Garfinkel, S. and Fairbanks, K.},
	title={Distinct Sector Hashes for Target File Detection},
	journal={IEEE Computer},
	month={December},
	year={2012},
	note={\url{http://ieeexplore.ieee.org/xpl/articleDetails.jsp?arnumber=6311397}}
}

@misc{
tcpflowpresentation,
	Author={Simson Garfinkel},
	Title={TCP analysis wth tcpflow; packet carving with bulk\_extractor},
	month={December},
	day={5},
	year={2013}
}

@misc{
dfxmlpresentation,
	Author = {Simson Garfinkel},
	title={Digital Forensics Tool Integration},
	howpublished="Website:\url{simson.net/ref/2012/2012-06-28%20DFXML.pdf}",
	month={June},
	day={28},
	year={2012}
}

@misc{
installreadme, 
	Author = {Simson Garfinkel},
	title={Readme File for \textit{\bulk\_extractor}},
	howpublished = "Website:\url{https://github.com/simsong/bulk_extractor/readme.txt}",
	year={2013},
	month={June}
}

@misc{
pluginsreadme,
	Author = {Simson Garfinkel},
	Title = {Readme File for Plug-ins},
	url = "https://github.com/simsong/bulk_extractor/blob/master/plugins/README_PLUGINS.txt",
	month={October},
	year={2013}
}
@article{
programmingUnicode,
	Author ={Simson Garfinkel},
	Title={Programming Unicode},
	journal={login - Usenix.org},
	month={April},
	year={2012},
	pages={25-37}
}

@article{
digitalmediatriage,
	Author={Simson Garfinkel},
	Title={Digital media triage with bulk data analysis and bulk\_extractor},
	journal={Computers \& Security},
	volume={32},
	month={October},
	year={2012},
	pages={56-72}
}

@article{
dfxmlpaper,
	Author={Simson Garfinkel},
	title = {Digital forensics {XML} and the {DFXML} toolset},
	journal ={Digital Investigation},
	volume={8},
	issues={3-4},
	month={February},
	year={2012},
	pages={161-174},
	note ={\url{http://www.sciencedirect.com/science/article/pii/S1742287611000910}}
}

@misc{
parashift,
	Author={Cline, Marshall},
	Title={FAQ Const-Correctness},
	howpublished="Website:\url{http://www.parashift.com/c++-faq/const-correctness.html}",
	year={2013},
	note="[Online; accessed May 2013]"
}

@misc{
m57scenario,
	Title={M57 Patents Scenario},
	howpublished="Website:\url{http://digitalcorpora.org/corpora/scenarios/m57-patents-scenario}",
	month={May},
	year={2013},
	note="[Online; accessed August 2013]"
}

@misc{
npsdiskimages,
	Title={Disk Images},
	howpublished="Website:\url{http://digitalcorpora.org/corpora/disk-images}",
	month={June},
	year={2013},
	note="[Online; accessed August 2013]"
}

@misc{
tcpflowpaper,
	Author={Simson L. Garfinkel and Michael Shick},
	Title={Passive TCP reconstruction and forensic analysis with tcpflow},
	url="http://simson.net/ref/2013/tcpflow.pdf",
	year={2013}
}

@misc{
bulkguidelines,
	Author={Simson Garfinkel},
	Title={Coding Standards for \textit{bulk\_extractor}},
	howpublished ="Website:\url{https://github.com/simsong/be13_api/blob/master/CODING\_STANDARDS.txt}",
	month={December},
	year={2012}
}


@article{
hashEncoding,
	Author={Young, J and Foster, K and Garfinkel, S and Fairbanks, K},
	Title={Distinct sector hashes for target file detection}, 
	journal={IEEE Computer},
	month= {December},
	year={2012},
	note={\url{http://ieeexplore.ieee.org/xpl/articleDetails.jsp?arnumber=6311397}}
	
}

@article{
encodedEvidence,
	Author={Simson Garfinkel},
	Title={The Prevalence Of Encoded Digital Trace Evidence in the Non-File Space of Computer Media},
	journal={Journal of Forensic Sciences},
	year={2013}
}

@misc{
beusersguide,
	Author={Bradley, Jessica and Simson Garfinkel},
	Title={bulk\_extractor Users Guide},
	note={\url{http://digitalcorpora.org/downloads/bulk_extractor/doc/BEUsersManual.pdf}},
	month={September},
	year={2013}
}

@article{
bulkdataanalysis,
	Author ={Simson Garfinkel and Nelson, Alex and White, Douglas and Roussev, Vassil},
	Title={Using purpose-built functions and block hashes to enable small block and sub-file forensics},
	journal={Digital Investigation},
	volume={7},
	month={August},
	year={2010},
	pages={S13-S23}
}
                  
