% taken from garfinkel.bib
@article{dfxml,
  author="Simson Garfinkel",
  title="{Digital Forensics XML}",
  journal="Digital Investigation",                   
  year=2012,
  publisher="Elsevier",
  volume=8,
  issue= "3--4",
  pages="161--174",
  month=Feb,
  note="Accepted for publication"
}


